@misc{rust-lang,
  title = "The Rust Programming Language",
  url = "https://www.rust-lang.org",
}

@techreport{ext2-layout,
  title = "The Second Extended File System: Internal Layout",
  author = "Dave Poirier",
  year = "2011",
  url = "http://www.nongnu.org/ext2-doc/ext2.html",
}

@book{sicp,
  title = "Structure and Interpretation of Computer Programs",
  author = "Harold Abelson and Gerald Jay Sussman",
  edition = "Second Edition",
  publisher = "MIT Press",
}
